@misc{ dummy,
  author = "dummy",
  title = "dummy",
  year = "dummy"
}

@article{ braun_2014,
  title={News programs: Designing MSNBC.com’s online interfaces},
  volume={16},
  DOI={10.1177/1464884914545730},
  number={1},
  journal={Journalism: Theory, Practice & Criticism},
  author={Braun, Joshua A},
  year={2014},
  pages={27–43}
}

@article{ karlsson_larsson_2016,
  title={Adapting infinite-scroll with the user experience in mind},
  url={https://www.diva-portal.org/smash/record.jsf?pid=diva2:972535&dswid=9521},
  author={Karlsson, Jonas and Larsson, Martin},
  year={2016}
}

@article{ lupinacci_2020,
  title={‘Absentmindedly scrolling through nothing’: liveness and compulsory continuous connectedness in social media},
  DOI={10.1177/0163443720939454},
  journal={Media, Culture & Society},
  author={Lupinacci, Ludmila},
  year={2020},
  pages={016344372093945}
}

@article{ obrien_2011,
  title={Exploring user engagement in online news interactions},
  volume={48},
  DOI={10.1002/meet.2011.14504801088},
  number={1},
  journal={Proceedings of the American Society for Information Science and Technology},
  author={Obrien, Heather L.},
  year={2011},
  pages={1–10}
}

@article{ obrien_lebow_2013,
  title={Mixed-methods approach to measuring user experience in online news interactions},
  volume={64},
  DOI={10.1002/asi.22871},
  number={8},
  journal={Journal of the American Society for Information Science and Technology},
  author={Obrien, Heather L. and Lebow, Mahria},
  year={2013},
  pages={1543–1556}
}

@article{ skinner_2020,
  title={Infinite Scrolling Steals Social Media Users’ Time and Attention},
  url={https://lilyskinner.net/wp-content/uploads/2020/05/Infinite-Scrolling-Final-Paper-adobepdf.pdf},
  journal={School of Communications, Brigham Young University},
  author={Skinner, Lilly M},
  year={2020},
  month={Apr}
}

@article{ sundar_nass_2001,
  title={Conceptualizing sources in online news},
  volume={51},
  DOI={10.1111/j.1460-2466.2001.tb02872.x},
  number={1},
  journal={Journal of Communication},
  author={Sundar, S S and Nass, C},
  year={2001},
  pages={52–72}
}

@article{ teitler_lieberman_panozzo_sankaranarayanan_samet_sperling_2008,
  title={NewsStand},
  DOI={10.1145/1463434.1463458},
  journal={Proceedings of the 16th ACM SIGSPATIAL international conference on Advances in geographic information systems - GIS 08},
  author={Teitler, Benjamin E. and Lieberman, Michael D. and Panozzo, Daniele and Sankaranarayanan, Jagan and Samet, Hanan and Sperling, Jon},
  year={2008}
}

@article{ zhang_lee_hovsepian_morgia_lawrence_lawrence_hingle_2018,
  title={Best Practices of News and Media Web Design},
  volume={5},
  DOI={10.4018/ijban.2018100103},
  number={4},
  journal={International Journal of Business Analytics},
  author={Zhang, Sonya and Lee, Samuel and Hovsepian, Karen and Morgia, Hannah and Lawrence, Kelli and Lawrence, Natalie and Hingle, Ashish},
  year={2018},
  pages={43–60}
}

@inbook{ zhang_liu_2013,
  title={INTERNATIONAL CONFERENCE ON INFORMATION SYSTEMS},
  booktitle={HUMAN-COMPUTER INTERACTION},
  author={ Zhang,
  Sarah Yixin and Liu,
  Libo},
  year={2013}
}

@article{ srivastava_2017,
  title={Social media engagement and return on engagement},
  DOI={10.4324/9781315563312-9},
  journal={Contemporary Issues in Social Media Marketing},
  author={Srivastava, Ritu},
  year={2017},
  pages={117–131}
}

@article{sumner_2016,
  title={Social Media and the Dangers of Over-Sharing},
  DOI={10.1016/b978-0-12-803405-7.00005-9},
  journal={You: for Sale},
  author={Sumner, Stuart},
  year={2016},
  pages={89–106}
}

@article{ the_social_media_industries_2013,
  title={Traditional News Media’S Use Of Social Media},
  DOI={10.4324/9780203121054-17},
  journal={The Social Media Industries},
  year={2013},
  pages={154–167}
}

@article{ shehata_strömbäck_2018,
  title={Learning Political News From Social Media: Network Media Logic and Current Affairs News Learning in a High-Choice Media Environment},
  volume={48},
  DOI={10.1177/0093650217749354},
  number={1},
  journal={Communication Research},
  author={Shehata, Adam and Strömbäck, Jesper},
  year={2018},
  pages={125–147}
}

@article{ stephanidis_1997,
  title={User Interfaces for All: Developing Interfaces for Diverse User Groups},
  DOI={10.1007/978-3-7091-2670-7_45},
  journal={User Modeling},
  author={Stephanidis, Constantine},
  year={1997},
  pages={443–444}
}

@misc{ kanban,
  title={What Is Kanban? Explained in 10 Minutes: Kanbanize},
  url={https://kanbanize.com/kanban-resources/getting-started/what-is-kanban},
  author={Kanbanize},
  journal={Kanban Software for Agile Project Management}
}
