% Interfaces for Online News Consumption
@article{msnbc,
  title={News programs: Designing MSNBC.com’s online interfaces},
  volume={16},
  DOI={10.1177/1464884914545730},
  number={1},
  journal={Journalism: Theory, Practice \& Criticism},
  author={Braun, Joshua A},
  year={2014},
  pages={27–43}
}

@article{newsstand,
  title={NewsStand},
  DOI={10.1145/1463434.1463458},
  journal={Proceedings of the 16th ACM SIGSPATIAL international conference on Advances in geographic information systems - GIS 08},
  author={Teitler, Benjamin E. and Lieberman, Michael D. and Panozzo, Daniele and Sankaranarayanan, Jagan and Samet, Hanan and Sperling, Jon},
  year={2008}
}

@article{engagement,
  title={Exploring user engagement in online news interactions},
  volume={48},
  DOI={10.1002/meet.2011.14504801088},
  number={1},
  journal={Proceedings of the American Society for Information Science and Technology},
  author={Obrien, Heather L.},
  year={2011},
  pages={1–10}
}

@article{ux,
  title={Mixed-methods approach to measuring user experience in online news interactions},
  volume={64},
  DOI={10.1002/asi.22871},
  number={8},
  journal={Journal of the American Society for Information Science and Technology},
  author={Obrien, Heather L. and Lebow, Mahria},
  year={2013},
  pages={1543–1556}
}

% Infinite Scrolling User Interfaces
@inproceedings{karlsson,
  title={Adapting infinite-scroll with the user experience in mind},
  author={Jonas Karlsson and Martin Larsson},
  year={2016}
}

@article{neyman,
  title={A Survey of Addictive Software Design},
  volume={1},
  number={1},
  journal={California Polytechnic State University},
  author={Neyman, Chauncey},
  year={2017},
  month={Jun}
}

@article{tajima,
  title={Non-procedural generation of web pages with nested infinite-scrolls in superSQL},
  DOI={10.1145/3151759.3151806},
  journal={Proceedings of the 19th International Conference on Information Integration and Web-based Applications \& Services},
  author={Tajima, Masahiro and Goto, Kento and Toyama, Motomichi},
  year={2017}
}

@online{newtarget,
  title={What Is Infinite Scrolling?},
  url={https://www.newtarget.com/about/web-insights-blog/what-infinite-scrolling},
  author={{New Target Inc}},
  year={2020},
  urldate = {2021-03-06},
}

% Social Media Design for Increasing User Engagement
@article{lupinacci,
  title={'Absentmindedly scrolling through nothing’: liveness and compulsory continuous connectedness in social media},
  DOI={10.1177/0163443720939454},
  journal={Media, Culture \& Society},
  author={Lupinacci, Ludmila},
  year={2020},
  pages={016344372093945}
}

@article{zhang,
  author={Zhang, S.Y. and Liu, I.L.},
  year={2013},
  month={01},
  pages={538-556},
  title={Attention trade-off between two types of user contributions: Effects of pinterest-style infinite scroll layouts on creating original sharing and appreciating others' sharing},
  volume={1},
  journal={International Conference on Information Systems (ICIS 2013): Reshaping Society Through Information Systems Design}
}

@article{standley,
  title={Traditional News Media’s Use Of Social Media},
  DOI={10.4324/9780203121054-17},
  author={Standley, Tracy},
  journal={The Social Media Industries},
  year={2013},
  pages={154–167}
}

@article{boukes,
  author = {Boukes, Mark},
  title = {Social network sites and acquiring current affairs knowledge: The impact of Twitter and Facebook usage on learning about the news},
  journal = {Journal of Information Technology \& Politics},
  volume = {16},
  number = {1},
  pages = {36-51},
  year  = {2019},
  publisher = {Routledge},
  doi = {10.1080/19331681.2019.1572568},
}

% Methodology
@online{kanban,
  title={Kanban Methodology: The Japanese Method To Streamline Your Business},
  url={https://techshali.com/kanban-methodology/},
  author={Gupta, Deepak},
  year={2021},
  urldate = {2021-03-06},
}

% Other
@online{ofcom,
  title={Scrolling news: The changing face of online news consumption},
  url={https://www.ofcom.org.uk/__data/assets/pdf_file/0022/115915/Scrolling-News.pdf},
  author={Ofcom},
  year={2018},
  urldate = {2021-03-06},
}

@online{yalanska_2021,
  title={Web Design: The Big Guide into Different Types of Websites},
  url={https://blog.tubikstudio.com/web-design-the-big-guide-into-different-types-of-websites/},
  author={Yalanska, Marina},
  year={2021},
  urldate = {2021-03-06},
}

@online{yalanska_2020,
  title={Social Network Design. UX for Communication},
  url={https://blog.tubikstudio.com/social-network-design-ux-for-communication/},
  author={Yalanska, Marina},
  year={2020},
  urldate = {2021-03-06},
}

@online{ab,
  title={A Refresher on A/B Testing},
  url={https://hbr.org/2017/06/a-refresher-on-ab-testing},
  author={Gallo, Amy},
  year={2017},
  urldate = {2021-03-06},
}

@online{lsn,
  title={Live Segment Notifications},
  url={https://bbcnewslabs.co.uk/projects/live-segment-notifications/},
  year={2020},
  urldate = {2021-03-06},
  author={{BBC News Labs}}
}

@online{slicer,
  title={Segmenting broadcast content with The News Slicer},
  url={https://bbcnewslabs.co.uk/projects/news-slicer/},
  year={2020},
  urldate = {2021-03-06},
  author={{BBC News Labs}}
}

@online{gst,
  title={Graphical Storytelling},
  url={https://bbcnewslabs.co.uk/projects/graphical-storytelling/},
  year={2020},
  urldate = {2021-03-06},
  author={{BBC News Labs}}
}
