@misc{ dummy,
       author = "dummy",
       title = "dummy",
       year = "dummy" }
